
@article{bowden2011,
	title = {Regional {Differences} in the {Association} {Between} {Land} {Cover} and {West} {Nile} {Virus} {Disease} {Incidence} in {Humans} in the {United} {States}},
	volume = {84},
	issn = {0002-9637, 1476-1645},
	url = {http://www.ajtmh.org/content/journals/10.4269/ajtmh.2011.10-0134},
	doi = {10.4269/ajtmh.2011.10-0134},
	language = {en},
	number = {2},
	urldate = {2018-02-22},
	journal = {The American Journal of Tropical Medicine and Hygiene},
	author = {Bowden, Sarah E. and Magori, Krisztian and Drake, John M.},
	month = feb,
	year = {2011},
	pages = {234--238}
}

@article{bai2014,
	title = {Assessing {Consistency} of {Five} {Global} {Land} {Cover} {Data} {Sets} in {China}},
	volume = {6},
	copyright = {http://creativecommons.org/licenses/by/3.0/},
	url = {http://www.mdpi.com/2072-4292/6/9/8739},
	doi = {10.3390/rs6098739},
	language = {en},
	number = {9},
	urldate = {2018-02-22},
	journal = {Remote Sensing},
	author = {Bai, Yan and Feng, Min and Jiang, Hao and Wang, Juanle and Zhu, Yunqiang and Liu, Yingzhen},
	month = sep,
	year = {2014},
	keywords = {China, agreement, consistency, land cover, per-pixel comparison},
	pages = {8739--8759}
}

@article{pinto2009,
	title = {Ecology of {Haemagogus} sp. and {Sabethes} sp. ({Diptera}: {Culicidae}) in relation to the microclimates of the {Caxiuanã} {National} {Forest}, {Pará}, {Brazil}},
	volume = {104},
	issn = {0074-0276},
	shorttitle = {Ecology of {Haemagogus} sp. and {Sabethes} sp. ({Diptera}},
	url = {http://www.scielo.br/scielo.php?script=sci_abstract&pid=S0074-02762009000400010&lng=en&nrm=iso&tlng=pt},
	doi = {10.1590/S0074-02762009000400010},
	number = {4},
	urldate = {2018-02-22},
	journal = {Memórias do Instituto Oswaldo Cruz},
	author = {Pinto, Claudeth S. and Confalonieri, Ulisses EC and Mascarenhas, Bento M.},
	month = jul,
	year = {2009},
	pages = {592--598}
}

@article{olson2009,
	title = {Links between {Climate}, {Malaria}, and {Wetlands} in the {Amazon} {Basin}},
	volume = {15},
	issn = {1080-6040},
	url = {https://www.ncbi.nlm.nih.gov/pmc/articles/PMC2671454/},
	doi = {10.3201/eid1504.080822},
	abstract = {Climate changes are altering patterns of temperature and precipitation, potentially affecting regions of malaria transmission. We show that areas of the Amazon Basin with few wetlands show a variable relationship between precipitation and malaria, while areas with extensive wetlands show a negative relationship with malaria incidence.},
	number = {4},
	urldate = {2018-02-22},
	journal = {Emerging Infectious Diseases},
	author = {Olson, Sarah H. and Gangnon, Ronald and Elguero, Eric and Durieux, Laurent and Guégan, Jean-François and Foley, Jonathan A. and Patz, Jonathan A.},
	month = apr,
	year = {2009},
	pmid = {19331766},
	pmcid = {PMC2671454},
	pages = {659--662}
}

@Manual{anton2016,
    title = {BalancedSampling: Balanced and Spatially Balanced Sampling},
    author = {Anton Grafström and Jonathan Lisic},
    year = {2016},
    note = {R package version 1.5.2},
    url = {https://CRAN.R-project.org/package=BalancedSampling},
  }

@inproceedings{valentini_low_2003,
	title = {Low bias bagged support vector machines},
	booktitle = {Proceedings of the 20th {International} {Conference} on {Machine} {Learning} ({ICML}-03)},
	author = {Valentini, Giorgio and Dietterich, Thomas G.},
	year = {2003},
	pages = {752--759},
	file = {ICML03-098.pdf:/Users/renikaul/Library/Application Support/Zotero/Profiles/vh21ay85.default/zotero/storage/5Y66SZHA/ICML03-098.pdf:application/pdf}
}

@article{breiman_bagging_1996,
	title = {Bagging predictors},
	volume = {24},
	issn = {0885-6125, 1573-0565},
	doi = {10.1007/BF00058655},
	number = {2},
	urldate = {2017-12-05},
	journal = {Machine Learning},
	author = {Breiman, Leo},
	month = aug,
	year = {1996},
	pages = {123--140},
	file = {Full Text PDF:/Users/renikaul/Library/Application Support/Zotero/Profiles/vh21ay85.default/zotero/storage/L7GTANIK/Breiman - 1996 - Bagging predictors.pdf:application/pdf}
}


@article{weaver2010,
  title = {Present and Future Arboviral Threats},
  volume = {85},
  doi = {10.1016/j.antiviral.2009.10.008},
  number = {2},
  journal = {Antiviral Research},
  author = {Weaver, Scott C and Reisen, William K},
  month = feb,
  year = {2010},
  pages = {328--345},
  file = {/home/drakelab/Dropbox/Zotero/storage/HU4WTDU4/Antiviral Research 2010 Weaver.pdf}
}

@article{bhatt2013,
  title = {The Global Distribution and Burden of Dengue},
  volume = {496},
  doi = {10.1038/nature12060},
  number = {7446},
  journal = {Nature},
  author = {Bhatt, Samir and Gething, Peter W and Brady, Oliver J and Messina, Jane P and Farlow, Andrew W and Moyes, Catherine L and Drake, John M and Brownstein, John S and Hoen, Anne G and Sankoh, Osman and Myers, Monica F and George, Dylan B and Jaenisch, Thomas and Wint, G R William and Simmons, Cameron P and Scott, Thomas W and Farrar, Jeremy J and Hay, Simon I},
  month = apr,
  year = {2013},
  pages = {504--507},
  file = {/home/drakelab/Dropbox/Zotero/storage/KKT2G6B8/Nature 2013 Bhatt.pdf}
}

@article{millones2017,
  title = {Fire {{Data}} as {{Proxy}} for {{Anthropogenic Landscape Change}} in the {{Yucat{\'a}n}}},
  volume = {6},
  copyright = {http://creativecommons.org/licenses/by/3.0/},
  doi = {10.3390/land6030061},
  language = {en},
  number = {3},
  journal = {Land},
  author = {Millones, Marco and Rogan, John and Ii, B. L. Turner and Parmentier, Benoit and Harris, Robert Clary and Griffith, Daniel A.},
  month = sep,
  year = {2017},
  keywords = {anthrome,land use/land cover change,MODIS,spatial model,tropical fire,Yucatán Peninsula},
  pages = {61},
  file = {/home/drakelab/Dropbox/Zotero/storage/J2ZVBBTJ/Millones et al. - 2017 - Fire Data as Proxy for Anthropogenic Landscape Cha.pdf}
}

@article{brady2013,
  title = {Modelling Adult {{Aedes}} Aegypti and {{Aedes}} Albopictus Survival at Different Temperatures in Laboratory and Field Settings},
  volume = {6},
  doi = {10.1186/1756-3305-6-351},
  number = {1},
  journal = {Parasites \& Vectors},
  author = {Brady, Oliver J and Johansson, Michael A and Guerra, Carlos A and Bhatt, Samir and Golding, Nick and Pigott, David M and Delatte, H{\'e}l{\`e}ne and Grech, Marta G and Leisnham, Paul T and Maciel-de-Freitas, Rafael and Styer, Linda M and Smith, David L and Scott, Thomas W and Gething, Peter W and Hay, Simon I},
  month = jan,
  year = {2013},
  keywords = {Aedes,Longevity,Dengue,Transmission,Temperature,Generalised additive models,Mark-release-recapture,Modelling,Mortality,Survival},
  pages = {351--28},
  file = {/home/drakelab/Dropbox/Zotero/storage/J6C6TCDA/Parasites & Vectors 2013 Brady.pdf;/home/drakelab/Dropbox/Zotero/storage/U5299JU3/Brady et al. - 2013 - Modelling adult Aedes aegypti and Aedes albopictus.pdf},
  annote = {Pages 351 in PDF}
}




@techreport{kovats1999,
  address = {Geneva},
  title = {El {{Nino}} and {{Health}}},
  number = {WHO/SDE/PHE/99.4},
  institution = {{World Health Organization}},
  author = {Kovats, R Sari and Bouma, Menno J. and Haines, Andy},
  year = {1999}
}

@article{grafstrom2013,
	title = {Doubly balanced spatial sampling with spreading and restitution of auxiliary totals},
	volume = {24},
	url = {https://ideas.repec.org/a/wly/envmet/v24y2013i2p120-131.html},
	abstract = {No abstract is available for this item.},
	language = {en},
	number = {2},
	urldate = {2018-01-20},
	journal = {Environmetrics},
	author = {Grafström, Anton and Tillé, Yves},
	year = {2013},
	pages = {120--131}
}

@article{estrada2017,
  title = {Impending Extinction Crisis of the World's Primates: {{Why}} Primates Matter},
  volume = {3},
  issn = {2375-2548},
  shorttitle = {Impending Extinction Crisis of the World's Primates},
  doi = {10.1126/sciadv.1600946},
  language = {en},
  number = {1},
  journal = {Science Advances},
  author = {Estrada, Alejandro and Garber, Paul A. and Rylands, Anthony B. and Roos, Christian and Fernandez-Duque, Eduardo and Fiore, Anthony Di and Nekaris, K. Anne-Isola and Nijman, Vincent and Heymann, Eckhard W. and Lambert, Joanna E. and Rovero, Francesco and Barelli, Claudia and Setchell, Joanna M. and Gillespie, Thomas R. and Mittermeier, Russell A. and Arregoitia, Luis Verde and de Guinea, Miguel and Gouveia, Sidney and Dobrovolski, Ricardo and Shanee, Sam and Shanee, Noga and Boyle, Sarah A. and Fuentes, Agustin and MacKinnon, Katherine C. and Amato, Katherine R. and Meyer, Andreas L. S. and Wich, Serge and Sussman, Robert W. and Pan, Ruliang and Kone, Inza and Li, Baoguo},
  month = jan,
  year = {2017},
  pages = {e1600946}
}

@article{bicca-marques2010,
  title = {The {{Role}} of {{Monkeys}}, {{Mosquitoes}}, and {{Humans}} in the {{Occurrence}} of a {{Yellow Fever Outbreak}} in a {{Fragmented Landscape}} in {{South Brazil}}: {{Protecting Howler Monkeys}} Is a {{Matter}} of {{Public Health}}},
  volume = {3},
  issn = {1940-0829},
  shorttitle = {The {{Role}} of {{Monkeys}}, {{Mosquitoes}}, and {{Humans}} in the {{Occurrence}} of a {{Yellow Fever Outbreak}} in a {{Fragmented Landscape}} in {{South Brazil}}},
  doi = {10.1177/194008291000300107},
  language = {en},
  number = {1},
  journal = {Tropical Conservation Science},
  author = {Bicca-Marques, J{\'u}lio C{\'e}sar and {de Freitas}, David Santos},
  month = mar,
  year = {2010},
  pages = {78--89},
  file = {/home/drakelab/Dropbox/Zotero/storage/LS5KN6TT/Bicca-Marques and de Freitas - 2010 - The Role of Monkeys, Mosquitoes, and Humans in the.pdf}
}

@article{moreno2013,
  title = {Yellow Fever Epizootics in Non-Human Primates, {{S{\~a}o Paulo}} State, {{Brazil}}, 2008-2009},
  volume = {55},
  issn = {0036-4665},
  doi = {10.1590/S0036-46652013000100008},
  number = {1},
  journal = {Revista do Instituto de Medicina Tropical de S{\~a}o Paulo},
  author = {Moreno, Eduardo Stramandinoli and Spinola, Roberta and Tengan, Cilea Hatsumi and Brasil, Roosecelis Araujo and Siciliano, Melissa Mascheratti and Coimbra, Terezinha Lisieux Moraes and Silveira, Vivian Regina and Rocco, Iray Maria and Bisordi, Ivani and de Souza, Renato Pereira and Petrella, Selma and Pereira, Luiz Eloy and Maeda, Adriana Yurika and da Silva, Fernanda Giselle and Suzuki, Akemi},
  month = feb,
  year = {2013},
  pages = {45--50},
  file = {/home/drakelab/Dropbox/Zotero/storage/IXLCS68X/Moreno et al. - 2013 - Yellow fever epizootics in non-human primates, São.pdf}
}




@article{cavalcante2016,
  title = {Epidemiological Characteristics of Yellow Fever in {{Brazil}}, 2000-2012},
  volume = {25},
  issn = {2237-9622},
  doi = {10.5123/s1679-49742016000100002},
  number = {1},
  journal = {Epidemiologia e Servi{\c c}os de Sa{\'u}de},
  author = {Cavalcante, Karina Ribeiro Leite Jardim and Tauil, Pedro Luiz and Cavalcante, Karina Ribeiro Leite Jardim and Tauil, Pedro Luiz},
  month = mar,
  year = {2016},
  pages = {11--20},
  file = {/home/drakelab/Dropbox/Zotero/storage/NJD74WBB/Cavalcante et al. - 2016 - Epidemiological characteristics of yellow fever in.pdf}
}

@article{cavalcante2017,
  title = {Risk of Re-Emergence of Urban Yellow Fever in {{Brazil}}},
  volume = {26},
  issn = {2237-9622},
  doi = {10.5123/s1679-49742017000300018},
  number = {3},
  journal = {Epidemiologia e Servi{\c c}os de Sa{\'u}de},
  author = {Cavalcante, Karina Ribeiro Leite Jardim and Tauil, Pedro Luiz and Cavalcante, Karina Ribeiro Leite Jardim and Tauil, Pedro Luiz},
  month = sep,
  year = {2017},
  pages = {617--620},
  file = {/home/drakelab/Dropbox/Zotero/storage/FQFQ36P8/Cavalcante et al. - 2017 - Risk of re-emergence of urban yellow fever in Braz.pdf}
}




@article{lafferty2009,
  title = {The Ecology of Climate Change and Infectious Diseases},
  volume = {90},
  issn = {1939-9170},
  doi = {10.1890/08-0079.1},
  language = {en},
  number = {4},
  journal = {Ecology},
  author = {Lafferty, Kevin D.},
  month = apr,
  year = {2009},
  keywords = {ENSO,Vector,climate,global warming,malaria,yellow fever},
  pages = {888--900},
  file = {/home/drakelab/Dropbox/Zotero/storage/8JB5CD8N/Lafferty - 2009 - The ecology of climate change and infectious disea.pdf;/home/drakelab/Dropbox/Zotero/storage/ZRFZ2PKE/2009 Lafferty.pdf;/home/drakelab/Dropbox/Zotero/storage/CHGHQ29F/abstract.html}
}

@article{moreno2015,
  title = {Yellow Fever Impact on Brown Howler Monkeys ({{Alouatta}} Guariba Clamitans) in {{Argentina}}: A Metamodelling Approach Based on Population Viability Analysis and Epidemiological Dynamics},
  volume = {110},
  issn = {0074-0276},
  shorttitle = {Yellow Fever Impact on Brown Howler Monkeys ({{Alouatta}} Guariba Clamitans) in {{Argentina}}},
  doi = {10.1590/0074-02760150075},
  number = {7},
  journal = {Mem{\'o}rias do Instituto Oswaldo Cruz},
  author = {Moreno, Eduardo S. and Agostini, Ilaria and Holzmann, Ingrid and Bitetti, Di and S, Mario and Oklander, Luciana I. and Kowalewski, Mart{\'\i}n M. and Beldomenico, Pablo M. and Goenaga, Silvina and Mart{\'\i}nez, Mariela and Lestani, Eduardo and Desbiez, Arnaud LJ and Miller, Philip and Moreno, Eduardo S. and Agostini, Ilaria and Holzmann, Ingrid and Bitetti, Di and S, Mario and Oklander, Luciana I. and Kowalewski, Mart{\'\i}n M. and Beldomenico, Pablo M. and Goenaga, Silvina and Mart{\'\i}nez, Mariela and Lestani, Eduardo and Desbiez, Arnaud LJ and Miller, Philip},
  month = nov,
  year = {2015},
  pages = {865--876},
  file = {/home/drakelab/Dropbox/Zotero/storage/R4RDG45H/Moreno et al. - 2015 - Yellow fever impact on brown howler monkeys (Aloua.pdf}
}


Past YF models in B

@article{hamrick2017,
  title = {Geographic Patterns and Environmental Factors Associated with Human Yellow Fever Presence in the {{Americas}}},
  volume = {11},
  issn = {1935-2735},
  doi = {10.1371/journal.pntd.0005897},
  number = {9},
  journal = {PLOS Neglected Tropical Diseases},
  author = {Hamrick, Patricia Najera and Aldighieri, Sylvain and Machado, Gustavo and Leonel, Deise Galan and Vilca, Luz Maria and Uriona, Sonia and Schneider, Maria Cristina},
  month = sep,
  year = {2017},
  keywords = {Brazil,Forests,Primates,Spatial epidemiology,Yellow fever,Vaccination and immunization,Environmental geography,Latitude,Land use},
  pages = {e0005897},
  file = {/home/drakelab/Dropbox/Zotero/storage/FMKFT6RD/Hamrick et al. - 2017 - Geographic patterns and environmental factors asso.pdf;/home/drakelab/Dropbox/Zotero/storage/PWTCKB3H/Hamrick et al. - 2017 - Geographic patterns and environmental factors asso.pdf}
}




@article{jentes2011,
  title = {The Revised Global Yellow Fever Risk Map and Recommendations for Vaccination, 2010: Consensus of the {{Informal WHO Working Group}} on {{Geographic Risk}} for {{Yellow Fever}}},
  volume = {11},
  issn = {1473-3099},
  shorttitle = {The Revised Global Yellow Fever Risk Map and Recommendations for Vaccination, 2010},
  doi = {10.1016/S1473-3099(11)70147-5},
  number = {8},
  journal = {The Lancet Infectious Diseases},
  author = {Jentes, Emily S and Poumerol, Gilles and Gershman, Mark D and Hill, David R and Lemarchand, Johan and Lewis, Rosamund F and Staples, J Erin and Tomori, Oyewale and Wilder-Smith, Annelies and Monath, Thomas P},
  month = aug,
  year = {2011},
  pages = {622--632},
  file = {/home/drakelab/Dropbox/Zotero/storage/3BKW8SUD/Jentes et al. - 2011 - The revised global yellow fever risk map and recom.pdf}
}




@article{briand2009,
  title = {Assessment of {{Yellow Fever Epidemic Risk}}: {{An Original Multi}}-Criteria {{Modeling Approach}}},
  volume = {3},
  issn = {1935-2735},
  shorttitle = {Assessment of {{Yellow Fever Epidemic Risk}}},
  doi = {10.1371/journal.pntd.0000483},
  number = {7},
  journal = {PLOS Neglected Tropical Diseases},
  author = {Briand, Sylvie and Beresniak, Ariel and Nguyen, Tim and Yonli, Tajoua and Duru, Gerard and Kambire, Chantal and Perea, William and Group (YF-RAG), The Yellow Fever Risk Assessment},
  month = jul,
  year = {2009},
  keywords = {C,L,M,W,a,b,d,e,f,g,h,i,k,n,o,r,s,t,u,v,y,z},
  pages = {e483},
  file = {/home/drakelab/Dropbox/Zotero/storage/6F44XCJS/Briand et al. - 2009 - Assessment of Yellow Fever Epidemic Risk An Origi.pdf}
}




@article{bhatt2013,
  title = {The Global Distribution and Burden of Dengue},
  volume = {496},
  doi = {10.1038/nature12060},
  number = {7446},
  journal = {Nature},
  author = {Bhatt, Samir and Gething, Peter W and Brady, Oliver J and Messina, Jane P and Farlow, Andrew W and Moyes, Catherine L and Drake, John M and Brownstein, John S and Hoen, Anne G and Sankoh, Osman and Myers, Monica F and George, Dylan B and Jaenisch, Thomas and Wint, G R William and Simmons, Cameron P and Scott, Thomas W and Farrar, Jeremy J and Hay, Simon I},
  month = apr,
  year = {2013},
  pages = {504--507},
  file = {/home/drakelab/Dropbox/Zotero/storage/KKT2G6B8/Nature 2013 Bhatt.pdf}
}




@article{machado-machado2012,
  title = {Empirical Mapping of Suitability to Dengue Fever in {{Mexico}} Using Species Distribution Modeling},
  volume = {33},
  doi = {10.1016/j.apgeog.2011.06.011},
  number = {C},
  journal = {Applied Geography},
  author = {Machado-Machado, Elia Axinia},
  month = apr,
  year = {2012},
  pages = {82--93},
  file = {/home/drakelab/Dropbox/Zotero/storage/9TWDAZTJ/71EBB041-0222-4FE6-80E3-1FF62975AB8D.pdf}
}




@article{ryan2015,
  title = {Mapping {{Physiological Suitability Limits}} for {{Malaria}} in {{Africa Under Climate Change}}},
  volume = {15},
  issn = {1530-3667},
  doi = {10.1089/vbz.2015.1822},
  number = {12},
  journal = {Vector-Borne and Zoonotic Diseases},
  author = {Ryan, Sadie J. and McNally, Amy and Johnson, Leah R. and Mordecai, Erin A. and Ben-Horin, Tal and Paaijmans, Krijn and Lafferty, Kevin D.},
  month = nov,
  year = {2015},
  pages = {718--725},
  file = {/home/drakelab/Dropbox/Zotero/storage/6JCF2XPH/Vector-Borne and Zoonotic Diseases 2015 Ryan.pdf}
}




@article{pigott2014,
  title = {Mapping the Zoonotic Niche of {{Ebola}} Virus Disease in {{Africa}}.},
  volume = {3},
  doi = {10.7554/eLife.04395},
  journal = {eLife},
  author = {Pigott, David M and Golding, Nick and Mylne, Adrian and Huang, Zhi and Henry, Andrew J and Weiss, Daniel J and Brady, Oliver J and Kraemer, Moritz U G and Smith, David L and Moyes, Catherine L and Bhatt, Samir and Gething, Peter W and Horby, Peter W and Bogoch, Isaac I and Brownstein, John S and Mekaru, Sumiko R and Tatem, Andrew J and Khan, Kamran and Hay, Simon I},
  month = jan,
  year = {2014},
  pages = {e04395--29},
  file = {/home/drakelab/Dropbox/Zotero/storage/73ZFBI3I/3FAD8725-A339-410E-A183-26291E85FA31.pdf}
}

@article{schmidt2017,
  title = {Spatiotemporal Fluctuations and Triggers of {{Ebola}} Virus Spillover},
  volume = {23},
  number = {3},
  journal = {Emerging Infectious Diseases},
  author = {Schmidt, John Paul and Park, Andrew W and Kramer, Andrew M and Han, Barbara A. and Alexander, Laura W and Drake, John M.},
  year = {2017},
  pages = {415--422},
  file = {/home/drakelab/Dropbox/Zotero/storage/AJC247UR/16-0101.pdf}
}




@article{hay2013,
  title = {Global Mapping of Infectious Disease},
  volume = {368},
  copyright = {. \textcopyright{} 2013 The Authors. Published by the Royal Society under the terms of the Creative Commons Attribution License http://creativecommons.org/licenses/by/3.0/, which permits unrestricted use, provided the original author and source are credited.},
  issn = {0962-8436, 1471-2970},
  doi = {10.1098/rstb.2012.0250},
  language = {en},
  number = {1614},
  journal = {Phil. Trans. R. Soc. B},
  author = {Hay, Simon I. and Battle, Katherine E. and Pigott, David M. and Smith, David L. and Moyes, Catherine L. and Bhatt, Samir and Brownstein, John S. and Collier, Nigel and Myers, Monica F. and George, Dylan B. and Gething, Peter W.},
  month = mar,
  year = {2013},
  pages = {20120250},
  file = {/home/drakelab/Dropbox/Zotero/storage/VVJH67IB/Hay et al. - 2013 - Global mapping of infectious disease.pdf},
  pmid = {23382431}
}

@article{hay2009,
  title = {A World Malaria Map: {{Plasmodium}} Falciparum Endemicity in 2007},
  doi = {10.1371/journal.pmed.1000048.g001},
  journal = {PLoS medicine},
  author = {Hay, S I and Guerra, C A and Gething, Peter W and Patil, Anand P and Tatem, A J},
  month = jan,
  year = {2009},
  file = {/home/drakelab/Dropbox/Zotero/storage/U5MTP3U4/PLoS Med 2009 Hay.pdf}
}




@article{vasconcelos2010,
  title = {Yellow Fever in {{Brazil}}: Thoughts and Hypotheses on the Emergence in Previously Free Areas},
  volume = {44},
  issn = {0034-8910},
  shorttitle = {Yellow Fever in {{Brazil}}},
  doi = {10.1590/S0034-89102010005000046},
  number = {6},
  journal = {Revista de Sa{\'u}de P{\'u}blica},
  author = {Vasconcelos, Pedro Fernando da Costa},
  month = dec,
  year = {2010},
  pages = {1144--1149},
  file = {/home/drakelab/Dropbox/Zotero/storage/B273SWPZ/Vasconcelos - 2010 - Yellow fever in Brazil thoughts and hypotheses on.pdf}
}

@article{camara2013,
  title = {Demographic Profile of Sylvatic Yellow Fever in {{Brazil}} from 1973 to 2008},
  volume = {107},
  issn = {0035-9203},
  doi = {10.1093/trstmh/trt014},
  number = {5},
  journal = {Transactions of The Royal Society of Tropical Medicine and Hygiene},
  author = {C{\^a}mara, Fernando Portela and Carvalho, De and Max, Luiz and Gomes, Ana Luisa Bacellar},
  month = may,
  year = {2013},
  pages = {324--327},
  file = {/home/drakelab/Dropbox/Zotero/storage/6R9BC9VP/Câmara et al. - 2013 - Demographic profile of sylvatic yellow fever in Br.pdf}
}

@article{cavalcante2016,
  title = {Epidemiological Characteristics of Yellow Fever in {{Brazil}}, 2000-2012},
  volume = {25},
  issn = {2237-9622},
  doi = {10.5123/s1679-49742016000100002},
  number = {1},
  journal = {Epidemiologia e Servi{\c c}os de Sa{\'u}de},
  author = {Cavalcante, Karina Ribeiro Leite Jardim and Tauil, Pedro Luiz and Cavalcante, Karina Ribeiro Leite Jardim and Tauil, Pedro Luiz},
  month = mar,
  year = {2016},
  pages = {11--20},
  file = {/home/drakelab/Dropbox/Zotero/storage/NJD74WBB/Cavalcante et al. - 2016 - Epidemiological characteristics of yellow fever in.pdf}
}

@article{camara2011,
  title = {Dynamic Behavior of Sylvatic Yellow Fever in {{Brazil}} (1954-2008)},
  volume = {44},
  issn = {0037-8682},
  doi = {10.1590/S0037-86822011005000024},
  number = {3},
  journal = {Revista da Sociedade Brasileira de Medicina Tropical},
  author = {C{\^a}mara, Fernando Portela and Gomes, Ana Luisa Bessa Bacellar and de Carvalho, Luiz Max Fagundes and Castello, Luiz Gustavo Veloso},
  month = jun,
  year = {2011},
  pages = {297--299},
  file = {/home/drakelab/Dropbox/Zotero/storage/C9RUENMV/Câmara et al. - 2011 - Dynamic behavior of sylvatic yellow fever in Brazi.pdf}
}

@article{cavalcante2017,
  title = {Risk of Re-Emergence of Urban Yellow Fever in {{Brazil}}},
  volume = {26},
  issn = {2237-9622},
  doi = {10.5123/s1679-49742017000300018},
  number = {3},
  journal = {Epidemiologia e Servi{\c c}os de Sa{\'u}de},
  author = {Cavalcante, Karina Ribeiro Leite Jardim and Tauil, Pedro Luiz and Cavalcante, Karina Ribeiro Leite Jardim and Tauil, Pedro Luiz},
  month = sep,
  year = {2017},
  pages = {617--620},
  file = {/home/drakelab/Dropbox/Zotero/storage/FQFQ36P8/Cavalcante et al. - 2017 - Risk of re-emergence of urban yellow fever in Braz.pdf}
}


